%% This BibTeX bibliography file was created using BibDesk.
%% http://bibdesk.sourceforge.net/

%% Created for Matthew Bernstein at 2019-08-06 17:32:06 -0500 


%% Saved with string encoding Unicode (UTF-8) 



@article{Gkoutos,
	Author = {Gkoutos,G.B. and Schofield,P.N. and Hoehndorf,R.},
	Date-Added = {2019-08-06 17:30:16 -0500},
	Date-Modified = {2019-08-06 17:32:06 -0500},
	Journal = {Database},
	Month = {October},
	Number = {bas033},
	Title = {{The Units Ontology}: a tool for integrating units of measurement in science},
	Volume = {2012},
	Year = {2012}}

@article{Zhu2018,
	Author = {Zhu,L. and others},
	Date-Added = {2019-08-03 21:10:46 -0500},
	Date-Modified = {2019-08-03 21:16:53 -0500},
	Journal = {The Annals of Applied Statistics},
	Number = {1},
	Pages = {609-632},
	Title = {A unified statistical framework for single cell and bulk {RNA} sequencing data},
	Volume = {12},
	Year = {2018}}

@article{Peng2019,
	Author = {Peng,T. and others},
	Date-Added = {2019-08-03 21:05:57 -0500},
	Date-Modified = {2019-08-03 21:10:39 -0500},
	Journal = {Genome Biology},
	Month = {May},
	Number = {88},
	Title = {{SCRABBLE}: single-cell RNA-seq imputation constrained by bulk {RNA}-seq data},
	Volume = {20},
	Year = {2019}}

@article{Li2018,
	Author = {Li,W.V. and Li,J.J.},
	Date-Added = {2019-08-03 17:19:06 -0500},
	Date-Modified = {2019-08-03 17:19:49 -0500},
	Journal = {Nature Communications},
	Month = {March},
	Number = {997},
	Title = {An accurate and robust imputation method scImpute for single-cell RNA-seq data},
	Volume = {9},
	Year = {2018}}

@article{Huang2018,
	Author = {Huang,M. and others},
	Date-Added = {2019-08-03 17:17:57 -0500},
	Date-Modified = {2019-08-03 17:18:44 -0500},
	Journal = {Nature Methods},
	Month = {June},
	Pages = {539-542},
	Title = {{SAVER}: gene expression recovery for single-cell {RNA} sequencing},
	Volume = {15},
	Year = {2018}}

@article{Lieberman2018,
	Author = {Lieberman,Y. and Rokach,L. and Shay,T.},
	Date-Added = {2019-08-03 16:32:31 -0500},
	Date-Modified = {2019-08-03 16:33:52 -0500},
	Journal = {PLOS One},
	Number = {e0208349},
	Title = {{CaSTLe} -- Classification of single cells by transfer learning: Harnessing the power of publicly available single cell RNA sequencing experiments to annotate new experiments CaSTLe -- Classification of single cells by transfer learning: Harnessing the power of publicly available single cell RNA sequencing experiments to annotate new experiments},
	Year = {2018}}

@article{Ma2019,
	Author = {Ma,F. and Pellegrini,M.},
	Date-Added = {2019-08-03 16:29:53 -0500},
	Date-Modified = {2019-08-03 16:30:56 -0500},
	Journal = {Bioinformatics},
	Month = {July},
	Number = {btz592},
	Title = {{ACTINN}: Automated Identification of Cell Types in Single Cell {RNA} Sequencing},
	Year = {2019}}

@article{Xie2019,
	Author = {Xie,P. and others},
	Date-Added = {2019-08-03 14:22:26 -0500},
	Date-Modified = {2019-08-03 14:26:24 -0500},
	Journal = {Nucleic Acids Research},
	Month = {Februrary},
	Number = {8},
	Pages = {e48},
	Title = {{SuperCT}: a supervised-learning framework for enhanced characterization of single-cell transcriptomic profiles},
	Volume = {47},
	Year = {2019}}

@article{Kanter2019,
	Author = {Kanter,J.K. and others},
	Date-Added = {2019-08-03 13:25:34 -0500},
	Date-Modified = {2019-08-03 13:28:33 -0500},
	Journal = {Nucleic Acids Research},
	Number = {gkz543},
	Title = {{CHETAH}: a selective, hierarchical cell type identification method for single-cell {RNA} sequencing},
	Year = {2019}}

@article{Haque2017,
	Author = {Haque,A. and others},
	Date-Added = {2019-08-03 00:25:08 -0500},
	Date-Modified = {2019-08-03 00:26:04 -0500},
	Journal = {Genome Medicine},
	Month = {August},
	Number = {75},
	Title = {A practical guide to single-cell RNA-sequencing for biomedical research and clinical applications},
	Volume = {9},
	Year = {2017}}

@article{Dijk2018,
	Author = {Dijk,D.V. and others},
	Date-Added = {2019-07-27 21:40:52 -0500},
	Date-Modified = {2019-07-27 21:41:50 -0500},
	Journal = {Cell},
	Month = {July},
	Number = {3},
	Pages = {716-729},
	Title = {Recovering Gene Interactions from Single-Cell Data Using Data Diffusion},
	Volume = {174},
	Year = {2018}}

@article{Lizio2017,
	Author = {Lizio,M. and others},
	Date-Added = {2019-07-27 21:36:09 -0500},
	Date-Modified = {2019-07-27 21:38:03 -0500},
	Journal = {Nucleic Acids Research},
	Number = {D1},
	Pages = {D737-D743},
	Title = {Update of the {FANTOM} web resource: high resolution transcriptome of diverse cell types in mammals},
	Volume = {45},
	Year = {2017}}

@article{Bernstein2019,
	Author = {Bernstein,M.N. and Dewey,C.N.},
	Date-Added = {2019-07-25 17:53:11 -0500},
	Date-Modified = {2019-07-25 17:54:05 -0500},
	Journal = {bioRxiv},
	Title = {Hierarchical cell type classification using mass, heterogeneous {RNA}-seq data from human primary cells},
	Volume = {634097},
	Year = {2019}}

@article{Goncalves2019,
	Author = {Gon{\c c}alves,R.S. and Musen,M.A.},
	Date-Added = {2019-07-18 16:31:04 -0500},
	Date-Modified = {2019-07-18 16:32:31 -0500},
	Journal = {Scientific Data},
	Month = {Februrary},
	Number = {190021},
	Title = {The variable quality of metadata about biological samples used in biomedical experiments},
	Volume = {6},
	Year = {2019}}

@article{CesaBianchi2006,
	Author = {Cesa-Bianchi,N. and Gentile,C. and Zaniboni,L.},
	Date-Added = {2019-07-18 11:33:40 -0500},
	Date-Modified = {2019-07-18 11:34:51 -0500},
	Journal = {Journal of Machine Learning Research},
	Number = {31-54},
	Title = {Incremental algorithms for hierarchical classification},
	Volume = {7},
	Year = {2006}}

@article{Vens2008,
	Author = {Vens,C. and others},
	Date-Added = {2019-07-18 11:13:31 -0500},
	Date-Modified = {2019-07-18 11:15:03 -0500},
	Journal = {Machine Learning},
	Month = {November},
	Pages = {185-214},
	Title = {Decision trees for hierarchical multi-label classification},
	Volume = {73},
	Year = {2008}}

@conference{Bi2011,
	Author = {Bi,W. and Kwok,J.T.},
	Booktitle = {International Conference on Machine Learning},
	Date-Added = {2019-07-18 11:09:59 -0500},
	Date-Modified = {2019-07-18 11:10:59 -0500},
	Title = {Multi-Label Classification on Tree- and {DAG}-Structured Hierarchies},
	Year = {2011}}

@conference{Perotte2011,
	Author = {Perotte,A. and others},
	Booktitle = {Conference on Neural Information Processing Systems},
	Date-Added = {2019-07-17 23:47:21 -0500},
	Date-Modified = {2019-07-17 23:48:40 -0500},
	Title = {Hierarchically Supervised Latent Dirichlet Allocation},
	Year = {2011}}

@article{Silla2011,
	Author = {{Silla},C.N. and Freitas,A.A.},
	Date-Added = {2019-07-17 22:40:30 -0500},
	Date-Modified = {2019-07-17 22:46:56 -0500},
	Journal = {Data Mining and Knowledge Discovery},
	Month = {January},
	Number = {1-2},
	Pages = {31-72},
	Title = {A survey of hierarchical classification across different application domains},
	Volume = {22},
	Year = {2011}}

@article{Tang2009,
	Author = {Tang,F. and others},
	Date-Added = {2019-07-17 22:27:47 -0500},
	Date-Modified = {2019-07-17 22:28:36 -0500},
	Journal = {Nature Methods},
	Month = {April},
	Pages = {377-382},
	Title = {{mRNA}-Seq whole-transcriptome analysis of a single cell},
	Volume = {6},
	Year = {2009}}

@article{Li2011,
	Author = {Li,B. and Dewey,C.N.},
	Date-Added = {2019-07-17 22:11:33 -0500},
	Date-Modified = {2019-07-17 22:12:34 -0500},
	Journal = {BMC Bioinformatics},
	Month = {August},
	Number = {323},
	Title = {{RSEM}: accurate transcript quantification from {RNA}-Seq data with or without a reference genome},
	Volume = {12},
	Year = {2011}}

@article{Dobin2012,
	Author = {Dobin,A. and others},
	Date-Added = {2019-07-17 21:56:09 -0500},
	Date-Modified = {2019-07-17 21:56:47 -0500},
	Journal = {Bioinformatics},
	Month = {January},
	Number = {1},
	Pages = {15-21},
	Title = {{STAR}: ultrafast universal RNA-seq aligner},
	Volume = {29},
	Year = {2012}}

@article{Kim2014,
	Author = {Kim,D. and Langmead,B. and Salzberg,S.L.},
	Date-Added = {2019-07-17 21:53:27 -0500},
	Date-Modified = {2019-07-17 21:54:56 -0500},
	Journal = {Nature Methods},
	Month = {April},
	Number = {4},
	Pages = {357-360},
	Title = {{HISAT}: a fast spliced aligner with low memory requirements},
	Volume = {12},
	Year = {2014}}

@article{Li2010,
	Author = {Li,B. and others},
	Date-Added = {2019-07-17 17:13:30 -0500},
	Date-Modified = {2019-07-17 17:15:55 -0500},
	Journal = {Bioinformatics},
	Month = {Februrary},
	Number = {4},
	Pages = {493--500},
	Title = {{RNA}-Seq gene expression estimation with read mapping uncertainty},
	Volume = {26},
	Year = {2010}}

@article{Canzar2017,
	Author = {Canzar,S. and Salzberg,S.L.},
	Date-Added = {2019-07-17 16:47:27 -0500},
	Date-Modified = {2019-07-17 16:51:04 -0500},
	Journal = {Proceedings of the IEEE},
	Month = {March},
	Number = {3},
	Pages = {436 - 458},
	Title = {Short Read Mapping: An Algorithmic Tour},
	Volume = {105},
	Year = {2017}}

@article{Sun2018,
	Author = {Sun,K. and others},
	Date-Added = {2019-07-17 10:53:49 -0500},
	Date-Modified = {2019-07-17 10:54:45 -0500},
	Journal = {Bioinformatics},
	Month = {June},
	Number = {23},
	Pages = {4129--4130},
	Title = {{GeneCT}: a generalizable cancerous status and tissue origin classifier for pan-cancer biopsies},
	Volume = {34},
	Year = {2018}}

@article{Bhattacharjee2001,
	Author = {Bhattacharjee,A. and others},
	Date-Added = {2019-07-17 10:46:42 -0500},
	Date-Modified = {2019-07-17 10:47:27 -0500},
	Journal = {Proceedings of the National Academy of Sciences},
	Month = {November},
	Number = {24},
	Pages = {13790-13795},
	Title = {Classification of human lung carcinomas by mRNA expression profiling reveals distinct adenocarcinoma subclasses},
	Volume = {98},
	Year = {2001}}

@article{Li2017,
	Author = {Li,Y. and others},
	Date-Added = {2019-07-17 10:44:12 -0500},
	Date-Modified = {2019-07-17 10:45:01 -0500},
	Journal = {BMC Genomics},
	Month = {July},
	Number = {508},
	Title = {A comprehensive genomic pan-cancer classification using The Cancer Genome Atlas gene expression data},
	Volume = {18},
	Year = {2017}}

@article{Prat2015,
	Author = {Prat,A. and others},
	Date-Added = {2019-07-17 10:36:39 -0500},
	Date-Modified = {2019-07-17 10:37:40 -0500},
	Journal = {The Breast},
	Month = {November},
	Number = {Supplement 2},
	Pages = {S26-S35},
	Title = {Clinical implications of the intrinsic molecular subtypes of breast cancer},
	Volume = {24},
	Year = {2015}}

@article{Hoadley2018,
	Author = {Hoadley,K.A. and others},
	Date-Added = {2019-07-17 10:28:11 -0500},
	Date-Modified = {2019-07-17 10:29:09 -0500},
	Journal = {Cell},
	Month = {April},
	Number = {2},
	Pages = {291-304},
	Title = {Cell-of-Origin Patterns Dominate the Molecular Classification of 10,000 Tumors from 33 Types of Cancer},
	Volume = {173},
	Year = {2018}}

@article{Bryon2016,
	Author = {Byron,S.A. and others},
	Date-Added = {2019-07-17 00:17:59 -0500},
	Date-Modified = {2019-07-17 00:19:11 -0500},
	Journal = {Nature Reviews Genetics},
	Month = {March},
	Pages = {257--27},
	Title = {Translating {RNA} sequencing into clinical diagnostics: opportunities and challenges},
	Volume = {17},
	Year = {2016}}

@article{Zhang2019,
	Author = {Zhang,J. and others},
	Date-Added = {2019-07-15 23:34:35 -0500},
	Date-Modified = {2019-07-15 23:36:22 -0500},
	Journal = {Nature Communications},
	Month = {May},
	Number = {2238},
	Title = {Functional cardiac fibroblasts derived from human pluripotent stem cells via second heart field progenitors},
	Volume = {10},
	Year = {2019}}

@article{Roost2015,
	Author = {Roost,M.S. and others},
	Date-Added = {2019-07-15 23:30:37 -0500},
	Date-Modified = {2019-07-15 23:32:02 -0500},
	Journal = {Stem Cell Reports},
	Month = {June},
	Number = {6},
	Pages = {1112-1124},
	Title = {{KeyGenes}, a Tool to Probe Tissue Differentiation Using a Human Fetal Transcriptional Atlas},
	Volume = {4},
	Year = {2015}}

@article{DeLuca2019,
	Author = {{De Luca},M. and others},
	Date-Added = {2019-07-15 23:19:49 -0500},
	Date-Modified = {2019-07-15 23:20:43 -0500},
	Journal = {Nature Cell Biology},
	Month = {July},
	Pages = {801-811},
	Title = {Advances in stem cell research and therapeutic development},
	Volume = {21},
	Year = {2019}}

@article{Tewary2018,
	Author = {Tewary,M. and Shakiba,N. and Zandstra,P.W.},
	Date-Added = {2019-07-15 23:11:20 -0500},
	Date-Modified = {2019-07-15 23:12:29 -0500},
	Journal = {Nature Reviews Genetics},
	Month = {October},
	Pages = {595-614},
	Title = {Stem cell bioengineering: building from stem cell biology},
	Volume = {19},
	Year = {2018}}

@article{Aran2019,
	Author = {Aran,D. and others},
	Date-Added = {2019-07-15 17:52:48 -0500},
	Date-Modified = {2019-07-15 17:53:33 -0500},
	Journal = {Nature Immunology},
	Month = {January},
	Pages = {163-172},
	Title = {Reference-based analysis of lung single-cell sequencing reveals a transitional profibrotic macrophage},
	Volume = {20},
	Year = {2019}}

@article{TabulaMuris2018,
	Author = {Schaum,N. and others},
	Date-Added = {2019-07-15 16:49:58 -0500},
	Date-Modified = {2019-07-25 18:03:34 -0500},
	Journal = {Nature},
	Month = {October},
	Pages = {367-372},
	Title = {Single-cell transcriptomics of 20 mouse organs creates a {Tabula Muris}},
	Volume = {562},
	Year = {2018}}

@article{Nellore2017,
	Author = {Nellore,A. and others},
	Date-Added = {2019-07-15 16:13:19 -0500},
	Date-Modified = {2019-07-15 16:14:27 -0500},
	Journal = {Bioinformatics},
	Number = {24},
	Pages = {4033-4040},
	Title = {{Rail-RNA}: scalable analysis of {RNA}-seq splicing and coverage},
	Volume = {33},
	Year = {2016}}

@article{Vladoiu2019,
	Author = {Vladoui,M.C. and others},
	Date-Added = {2019-07-14 17:32:47 -0500},
	Date-Modified = {2019-07-14 17:33:21 -0500},
	Journal = {Nature},
	Month = {May},
	Title = {Childhood cerebellar tumours mirror conserved fetal transcriptional programs},
	Year = {2019}}

@article{Plasschaert2018,
	Author = {Plasschaert,L.W. and others},
	Date-Added = {2019-07-14 17:28:20 -0500},
	Date-Modified = {2019-07-14 17:29:22 -0500},
	Journal = {Nature},
	Month = {August},
	Pages = {377-381},
	Title = {A single-cell atlas of the airway epithelium reveals the {CFTR}-rich pulmonary ionocyte},
	Volume = {560},
	Year = {2018}}

@article{Tikhonova2019,
	Author = {Tikhonova,A.N. and others},
	Date-Added = {2019-07-14 17:22:47 -0500},
	Date-Modified = {2019-07-14 17:23:35 -0500},
	Journal = {Nature},
	Month = {April},
	Pages = {222-228},
	Title = {The bone marrow microenvironment at single-cell resolution},
	Volume = {569},
	Year = {2019}}

@article{Economo2018,
	Author = {Economo,M.N. and others},
	Date-Added = {2019-07-14 17:20:15 -0500},
	Date-Modified = {2019-07-14 17:35:33 -0500},
	Journal = {Nature},
	Month = {October},
	Title = {Distinct descending motor cortex pathways and their roles in movement},
	Volume = {563},
	Year = {2018}}

@article{Mathys2019,
	Author = {Mathys,H. and others},
	Date-Added = {2019-07-14 17:17:48 -0500},
	Date-Modified = {2019-07-14 17:18:36 -0500},
	Journal = {Nature},
	Month = {May},
	Pages = {332-337},
	Title = {Single-cell transcriptomic analysis of Alzheimer's disease},
	Volume = {570},
	Year = {2019}}

@article{Aizarani2019,
	Author = {Aizarani,N. and others},
	Date-Added = {2019-07-14 17:13:39 -0500},
	Date-Modified = {2019-07-14 17:14:12 -0500},
	Journal = {Nature},
	Month = {July},
	Title = {A human liver cell atlas reveals heterogeneity and epithelial progenitors},
	Year = {2019}}

@article{Ghahramani2015,
	Author = {Ghahramani,Z.},
	Date-Added = {2019-07-13 23:11:28 -0500},
	Date-Modified = {2019-07-13 23:12:33 -0500},
	Journal = {Nature},
	Month = {May},
	Pages = {452--459},
	Title = {Probabilistic machine learning and artificial intelligence},
	Volume = {521},
	Year = {2015}}

@article{Marisa2013,
	Author = {Marisa,L. and others},
	Date-Added = {2019-07-13 23:01:16 -0500},
	Date-Modified = {2019-07-13 23:02:54 -0500},
	Journal = {PLOS Medicine},
	Month = {May},
	Number = {5},
	Pages = {e1001453-e1001453},
	Title = {Gene Expression Classification of Colon Cancer into Molecular Subtypes: Characterization, Validation, and Prognostic Value},
	Volume = {10},
	Year = {2013}}

@article{Kegerreis2019,
	Author = {Kegerreis,B. and others},
	Date-Added = {2019-07-13 22:56:23 -0500},
	Date-Modified = {2019-07-13 22:57:25 -0500},
	Journal = {Scientific Reports},
	Month = {July},
	Number = {9617},
	Pages = {1-12},
	Title = {Machine learning approaches to predict lupus disease activity from gene expression data},
	Volume = {9},
	Year = {2019}}

@article{Hou2019,
	Author = {Hou,R. and Denisenko,E. and Forrest,A.R.R.},
	Date-Added = {2019-07-13 22:52:50 -0500},
	Date-Modified = {2019-07-13 22:54:05 -0500},
	Journal = {Bioinformatics},
	Month = {April},
	Title = {{scMatch}: a single-cell gene expression profile annotation tool using reference datasets},
	Year = {2019}}

@article{Morris2014,
	Author = {Morris,S.A. and others},
	Date-Added = {2019-07-13 22:07:31 -0500},
	Date-Modified = {2019-07-13 23:04:59 -0500},
	Journal = {Cell},
	Month = {August},
	Number = {4},
	Pages = {889-902},
	Title = {Dissecting Engineered Cell Types and Enhancing Cell Fate Conversion via {CellNet}},
	Volume = {158},
	Year = {2014}}

@article{Chuang2007,
	Author = {Chuang,HY. and others},
	Date-Added = {2019-07-13 22:00:45 -0500},
	Date-Modified = {2019-07-13 22:03:14 -0500},
	Journal = {Molecular Systems Biology},
	Month = {October},
	Number = {140},
	Title = {Network-based classification of breast cancer metastasis},
	Volume = {3},
	Year = {2007}}

@article{Bernau2014,
	Author = {Bernau,C. and others},
	Date-Added = {2019-07-13 15:38:00 -0500},
	Date-Modified = {2019-07-13 15:38:59 -0500},
	Journal = {Bioinformatics},
	Number = {ISMB 2014},
	Pages = {i105--i112},
	Title = {Cross-study validation for the assessment of prediction algorithms},
	Volume = {30},
	Year = {2014}}

@article{Macosko2015,
	Author = {Macosko,E.V. and others},
	Date-Added = {2019-07-07 12:57:35 -0500},
	Date-Modified = {2019-07-07 12:59:20 -0500},
	Journal = {Cell},
	Month = {May},
	Number = {5},
	Pages = {1202--1214},
	Title = {Highly Parallel Genome-wide Expression Profiling of Individual Cells Using Nanoliter Droplets},
	Volume = {161},
	Year = {2015}}

@article{Zheng2017,
	Author = {Zheng,G.Z.Y. and others},
	Date-Added = {2019-07-07 09:52:27 -0500},
	Date-Modified = {2019-07-07 09:53:33 -0500},
	Journal = {Nature Communications},
	Month = {January},
	Number = {14049},
	Title = {Massively parallel digital transcriptional profiling of single cells},
	Volume = {8},
	Year = {2017}}

@article{Wang2009,
	Author = {Wang,Z. and Gerstein,M. and Snyder,M.},
	Date-Added = {2019-06-24 09:49:31 -0500},
	Date-Modified = {2019-06-24 09:50:40 -0500},
	Journal = {Nature Reviews Genetics},
	Month = {January},
	Pages = {57-63},
	Title = {{RNA-Seq}: a revolutionary tool for transcriptomics},
	Volume = {10},
	Year = {2009}}

@article{McCall2014,
	Author = {McCall,M.N. and others},
	Date-Added = {2019-05-09 11:16:00 -0500},
	Date-Modified = {2019-05-09 11:17:07 -0500},
	Journal = {Nucleic Acids Research},
	Month = {January},
	Number = {D1},
	Pages = {D938-D943},
	Title = {{The Gene Expression Barcode 3.0}: improved data processing and mining tools},
	Volume = {42},
	Year = {2014}}

@article{Lachmann2018,
	Author = {Lachmann,A. and others},
	Date-Added = {2019-05-09 11:12:33 -0500},
	Date-Modified = {2019-05-09 11:14:10 -0500},
	Journal = {Nature Communications},
	Month = {April},
	Number = {1366},
	Title = {Massive mining of publicly available {RNA}-seq data from human and mouse},
	Volume = {9},
	Year = {2018}}

@article{ColladoTorres2017,
	Author = {Collado-Torres,L. and others},
	Date-Added = {2019-05-09 11:09:52 -0500},
	Date-Modified = {2019-05-09 11:11:39 -0500},
	Journal = {Nature Biotechnology},
	Month = {April},
	Number = {4},
	Pages = {319-321},
	Title = {Reproducible {RNA}-seq analysis using recount2},
	Volume = {35},
	Year = {2017}}

@article{Manno2016,
	Author = {Manno,G.L. and others},
	Date-Added = {2019-05-02 22:50:26 -0500},
	Date-Modified = {2019-05-02 22:51:41 -0500},
	Journal = {Cell},
	Number = {2},
	Pages = {566-580},
	Title = {Molecular Diversity of Midbrain Development in Mouse, Human, and Stem Cells},
	Volume = {167},
	Year = {2016}}

@article{Jaitin2014,
	Author = {Jaitin,D.A. and others},
	Date-Added = {2019-05-01 21:50:56 -0500},
	Date-Modified = {2019-05-01 21:52:13 -0500},
	Journal = {Science},
	Number = {6172},
	Pages = {776-779},
	Title = {Massively Parallel Single-Cell {RNA}-Seq for Marker-Free Decomposition of Tissues into Cell Types},
	Volume = {343},
	Year = {2014}}

@article{Picelli2013,
	Author = {Picelli,S. and others},
	Date-Added = {2019-05-01 19:31:30 -0500},
	Date-Modified = {2019-05-01 19:36:30 -0500},
	Journal = {Nature Methods},
	Number = {11},
	Pages = {1096-1098},
	Title = {{Smart-seq2} for sensitive full-length transcriptome profiling in single cells},
	Volume = {10},
	Year = {2013}}

@article{LiDewey2011,
	Author = {Li,B. and Dewey,C.N.},
	Date-Added = {2019-05-01 19:05:02 -0500},
	Date-Modified = {2019-05-01 19:12:32 -0500},
	Journal = {BMC Bioinformatics},
	Number = {323},
	Title = {{RSEM}: accurate transcript quantification from {RNA-Seq} data with or without a reference genome},
	Volume = {12},
	Year = {2011}}

@article{Yona2006,
	Author = {Yona,G. and others},
	Date-Added = {2019-03-22 13:11:22 -0500},
	Date-Modified = {2019-03-22 13:12:27 -0500},
	Journal = {Bioinformatics},
	Month = {April},
	Number = {13},
	Pages = {1616-1622},
	Title = {Effective similarity measures for expression profiles},
	Volume = {22},
	Year = {2006}}

@article{Grapin-Botton2005,
	Author = {Grapin-Botton,A.},
	Date-Added = {2019-03-22 13:04:56 -0500},
	Date-Modified = {2019-06-24 10:17:52 -0500},
	Journal = {The International Journal of Biochemistry \& Cell Biology},
	Month = {March},
	Number = {3},
	Pages = {504-510},
	Title = {Ductal cells of the pancreas},
	Volume = {37},
	Year = {2005}}

@article{Kiselev2019,
	Author = {Kiselev,V.Y. and Andrews,T.S. and Hemberg,M.},
	Date-Added = {2019-03-09 10:41:45 -0600},
	Date-Modified = {2019-03-09 10:44:10 -0600},
	Journal = {Nature Reviews Genetics},
	Month = {January},
	Title = {Challenges in unsupervised clustering of single-cell {RNA-seq} data},
	Year = {2019}}

@article{Wang2018,
	Author = {Wang,Z. and Lachmann,A. and Ma'ayan,A.},
	Date-Added = {2019-02-18 11:26:39 -0600},
	Date-Modified = {2019-02-18 11:28:11 -0600},
	Journal = {Biophysical Reviews},
	Pages = {1-8},
	Title = {Mining data and metadata from the gene expression omnibus},
	Year = {2018}}

@article{Patro2017,
	Author = {Patro,R. and others},
	Date-Added = {2019-02-18 10:55:21 -0600},
	Date-Modified = {2019-02-18 10:56:35 -0600},
	Journal = {Nature Methods},
	Pages = {417-419},
	Title = {Salmon provides fast and bias-aware quantification of transcript expression},
	Volume = {14},
	Year = {2017}}

@article{Notaro2017,
	Author = {Notaro,M. and others},
	Date-Added = {2019-02-10 11:26:59 -0600},
	Date-Modified = {2019-02-10 11:27:53 -0600},
	Journal = {BMC Bioinformatics},
	Number = {1},
	Pages = {1-18},
	Title = {Prediction of {Human Phenotype Ontology} terms by means of hierarchical ensemble methods},
	Volume = {18},
	Year = {2017}}

@article{Aran2017,
	Author = {Aran,D. and Hu,Z. and Butte,A.J.},
	Date-Added = {2019-01-25 23:09:06 -0600},
	Date-Modified = {2019-01-25 23:10:24 -0600},
	Journal = {Genome Biology},
	Number = {220},
	Pages = {1-14},
	Title = {{xCell}: digitally portraying the tissue cellular heterogeneity landscape},
	Volume = {18},
	Year = {2017}}

@article{Newman2015,
	Author = {Newman,A.M. and others},
	Date-Added = {2019-01-25 23:06:58 -0600},
	Date-Modified = {2019-01-25 23:08:28 -0600},
	Journal = {Nature Methods},
	Month = {May},
	Number = {5},
	Pages = {453-457},
	Title = {Robust enumeration of cell subsets from tissue expression profiles},
	Volume = {12},
	Year = {2015}}

@article{Ashburner2000,
	Author = {Ashburner,M. and others},
	Date-Added = {2019-01-25 22:56:10 -0600},
	Date-Modified = {2019-01-25 22:58:07 -0600},
	Journal = {Nature Genetics},
	Pages = {25--29},
	Title = {{Gene Ontology}: tool for the unification of biology},
	Volume = {25},
	Year = {2000}}

@article{Subramanian2005,
	Author = {Subramanian,A. and others},
	Date-Added = {2019-01-25 22:29:56 -0600},
	Date-Modified = {2019-01-25 22:31:03 -0600},
	Journal = {Proceedings of the National Academy of Sciences},
	Month = {October},
	Number = {43},
	Pages = {15545--15550},
	Title = {Gene set enrichment analysis: A knowledge-based approach for interpreting genome-wide expression profiles},
	Volume = {102},
	Year = {2005}}

@article{Obozinski2008,
	Author = {Obozinski,G. and others},
	Date-Added = {2019-01-15 21:38:23 -0600},
	Date-Modified = {2019-01-15 21:39:20 -0600},
	Journal = {Genome Biology},
	Number = {S6},
	Title = {Consistent probabilistic outputs for protein function prediction},
	Volume = {9},
	Year = {2008}}

@article{Li2004,
	Author = {Li,T. and Zhang,C. and Ogihara,M.},
	Date-Added = {2018-12-18 12:34:17 -0600},
	Date-Modified = {2018-12-18 12:35:28 -0600},
	Journal = {Bioinformatics},
	Number = {15},
	Pages = {2429--2437},
	Title = {A comparative study of feature selection and multiclass classification methods for tissue classification based on gene expression},
	Volume = {20},
	Year = {2004}}

@article{BarutcuogluSchapireTroyanskaya2006,
	Author = {Barutcuoglu,Z. and Schapire,R.E. and Troyanskaya,O.G.},
	Date-Added = {2018-12-18 12:02:32 -0600},
	Date-Modified = {2019-01-25 22:14:02 -0600},
	Journal = {Bioinformatics},
	Number = {7},
	Pages = {830--836},
	Title = {Hierarchical multi-label prediction of gene function},
	Volume = {22},
	Year = {2006}}

@article{Bray2016,
	Author = {Bray,N.L. and others},
	Date-Added = {2018-12-18 11:42:45 -0600},
	Date-Modified = {2018-12-18 11:44:57 -0600},
	Journal = {Nature Biotechnology},
	Number = {5},
	Pages = {525-527},
	Title = {Near-optimal probabilistic {RNA}-seq quantification},
	Volume = {34},
	Year = {2016}}

@article{PerezSilva2018,
	Author = {Perez-Silva,J.G. and Araujo-Voces,M. and Quesada,V.},
	Date-Added = {2018-12-14 11:00:38 -0600},
	Date-Modified = {2018-12-14 11:02:58 -0600},
	Journal = {Bioinformatics},
	Number = {14},
	Pages = {2322--2324},
	Title = {{nVenn}: generalized, quasi-proportional {Venn} and {Euler} diagrams},
	Volume = {34},
	Year = {2018}}

@article{Bernstein2017,
	Author = {Bernstein,M.N. and Doan,A. and Dewey,C.N.},
	Date-Added = {2018-12-12 10:51:17 -0600},
	Date-Modified = {2018-12-12 10:54:27 -0600},
	Journal = {Bioinformatics},
	Number = {18},
	Pages = {2914--2923},
	Title = {{MetaSRA}: normalized human sample specific metadata for the {Sequence Read Archive}},
	Volume = {33},
	Year = {2017}}

@article{Saddiki2015,
	Author = {Saddiki,H. and McAuliffe,J. and Flaherty,P.},
	Date-Added = {2018-12-11 10:09:59 -0600},
	Date-Modified = {2018-12-11 10:11:07 -0600},
	Journal = {Bioinformatics},
	Number = {2},
	Pages = {225--232},
	Title = {{GLAD}: a mixed-membership model for heterogeneous tumor subtype classification},
	Volume = {31},
	Year = {2015}}

@article{Zhou2018,
	Author = {Zhou,Y. and others},
	Date-Added = {2018-12-11 10:08:04 -0600},
	Date-Modified = {2018-12-11 10:08:53 -0600},
	Journal = {Bioinformatics},
	Number = {8},
	Pages = {1329--1335},
	Title = {Classifying next-generation sequencing data using a zero-inflated {Poisson} model},
	Volume = {34},
	Year = {2018}}

@article{Langevin2018,
	Author = {Langevin,M. and others},
	Date-Added = {2018-12-11 10:00:18 -0600},
	Date-Modified = {2018-12-11 10:00:51 -0600},
	Journal = {arXiv},
	Title = {A Deep Generative Model for Semi-Supervised Classification with Noisy Labels},
	Year = {2018}}

@article{Lin2017,
	Author = {Lin,C. and others},
	Date-Added = {2018-12-11 09:56:29 -0600},
	Date-Modified = {2018-12-11 09:57:21 -0600},
	Journal = {Nucleic Acids Research},
	Month = {July},
	Number = {17},
	Pages = {e156},
	Title = {Using neural networks for reducing the dimensions of single-cell {RNA}-Seq data},
	Volume = {45},
	Year = {2017}}

@article{Schmid2012,
	Author = {Schmid,P.R. and others},
	Date-Added = {2018-12-11 09:51:55 -0600},
	Date-Modified = {2018-12-11 09:53:21 -0600},
	Journal = {Proceedings of the National Academy of Sciences},
	Month = {April},
	Number = {15},
	Pages = {5594-5599},
	Title = {Making sense out of massive data by going beyond differential expression},
	Volume = {109},
	Year = {2012}}

@article{Alavi2018,
	Author = {Alavi,A. and others},
	Date-Added = {2018-12-11 09:41:56 -0600},
	Date-Modified = {2018-12-11 09:45:15 -0600},
	Journal = {Nature Communications},
	Number = {1},
	Title = {A web server for comparative analysis of single-cell {RNA}-seq data},
	Volume = {9},
	Year = {2018}}

@article{Zhang2018,
	Author = {Zhang,X. and others},
	Date-Added = {2018-10-29 11:43:10 -0500},
	Date-Modified = {2018-10-29 11:44:57 -0500},
	Journal = {Nucleic Acids Research},
	Pages = {1-8},
	Title = {{CellMarker}: a manually curated resource of cell markers in human and mouse},
	Volume = {Database Issue},
	Year = {2018}}

@article{Crow2018,
	Author = {Crow,M. and Gillis,J.},
	Date-Added = {2018-10-25 10:33:49 -0500},
	Date-Modified = {2018-10-25 10:35:56 -0500},
	Journal = {Trends in Genetics},
	Month = {November},
	Number = {11},
	Pages = {823-831},
	Title = {Co-expression in Single-Cell Analysis: Saving Grace or Original Sin?},
	Volume = {34},
	Year = {2018}}

@article{Radley2017,
	Author = {Radley,A.H. and others},
	Date-Added = {2018-10-10 10:28:32 -0500},
	Date-Modified = {2018-10-10 10:31:02 -0500},
	Journal = {Nature Protocols},
	Number = {5},
	Pages = {1089-1102},
	Title = {Assessment of engineered cells using {CellNet} and {RNA}-seq},
	Volume = {12},
	Year = {2017}}

@article{Goh2017,
	Author = {Goh,W.W.B. and Wang,W. and Wong,L.},
	Date-Added = {2018-10-09 16:58:37 -0500},
	Date-Modified = {2018-10-09 16:59:45 -0500},
	Journal = {Trends in Biotechnology},
	Number = {6},
	Pages = {498-507},
	Title = {Why Batch Effects Matter in Omics Data, and How to Avoid Them},
	Volume = {35},
	Year = {2017}}

@article{Leek2010,
	Author = {Leek,J.T. and others},
	Date-Added = {2018-10-09 16:56:51 -0500},
	Date-Modified = {2018-10-09 16:57:47 -0500},
	Journal = {Nature Reviews Genetics},
	Pages = {733-739},
	Title = {Tackling the widespread and critical impact of batch effects in high-throughput data},
	Volume = {11},
	Year = {2010}}

@inproceedings{Goncalves2017,
	Author = {Gon{\c c}alves,R.S. and others},
	Booktitle = {Proceedings of the First Workshop on Enabling Open Semantic Science (SemSci)},
	Date-Added = {2018-10-09 16:52:50 -0500},
	Date-Modified = {2019-05-09 12:20:21 -0500},
	Pages = {39-46},
	Title = {Metadata in the {BioSample} Online Repository are Impaired by Numerous Anomalies},
	Year = {2017}}

@article{Regev2017,
	Author = {Regev,A. and others},
	Date-Added = {2018-10-09 14:50:22 -0500},
	Date-Modified = {2018-10-17 09:55:12 -0500},
	Journal = {eLife},
	Pages = {e27041},
	Title = {{The Human Cell Atlas}},
	Volume = {6},
	Year = {2017}}

@article{Kiselev,
	Author = {Kiselev,V.Y. and Yiu,A. and Hemberg,M.},
	Date-Added = {2018-10-09 14:36:58 -0500},
	Date-Modified = {2018-10-09 14:38:27 -0500},
	Journal = {Nature Methods},
	Pages = {359-362},
	Title = {scmap: projection of single-cell {RNA}-seq data across data sets},
	Volume = {15},
	Year = {2018}}

@article{Tasic,
	Author = {Tasic,B.},
	Date-Added = {2018-10-09 14:33:41 -0500},
	Date-Modified = {2018-10-09 14:34:41 -0500},
	Journal = {Current Opinion in Neurobiology},
	Pages = {242-249},
	Title = {Single cell transcriptomics in neuroscience: cell classification and beyond},
	Volume = {50},
	Year = {2018}}

@article{Lee2013,
	Author = {Lee,Y. and others},
	Date-Added = {2018-10-09 14:30:17 -0500},
	Date-Modified = {2018-10-09 14:31:04 -0500},
	Journal = {Bioinformatics},
	Number = {23},
	Pages = {3036-3044},
	Title = {Ontology-aware classification of tissue and cell-type signals in gene expression profiles across platforms and technologies},
	Volume = {29},
	Year = {2013}}

@article{Ellis,
	Author = {Ellis,S.E. and others},
	Date-Added = {2018-10-09 14:27:17 -0500},
	Date-Modified = {2018-10-09 14:28:28 -0500},
	Journal = {Nucleic Acids Research},
	Number = {9},
	Pages = {e54},
	Title = {Improving the value of public {RNA}-seq expression data by phenotype prediction},
	Volume = {46},
	Year = {2018}}

@article{Cahan,
	Author = {Cahan,P. and others},
	Date-Added = {2018-10-09 14:16:57 -0500},
	Date-Modified = {2018-10-09 14:18:59 -0500},
	Journal = {Cell},
	Month = {August},
	Number = {4},
	Pages = {903-915},
	Title = {{CellNet}: Network Biology Applied to Stem Cell Engineering},
	Volume = {158},
	Year = {2014}}

@article{Costa,
	Author = {Costa,M. and Reeve,S. and Grumbling,G. and Osumi-Sutherland,D.},
	Date-Added = {2017-03-11 16:23:47 +0000},
	Date-Modified = {2017-03-11 16:25:42 +0000},
	Journal = {Journal of Biomedical Semantics},
	Number = {1},
	Pages = {32},
	Title = {The Drosophila anatomy ontology},
	Volume = {4},
	Year = {2013}}

@article{Jacobs,
	Author = {Jacobs,J.P. and Jones,M. and Baille,J.P.},
	Date-Added = {2017-03-08 20:17:24 +0000},
	Date-Modified = {2017-03-08 20:18:56 +0000},
	Journal = {Nature},
	Number = {5254},
	Pages = {168-170},
	Title = {{Characteristics of a Human Diploid Cell Designated MRC-5}},
	Volume = {227},
	Year = {1970}}

@article{Marinelli,
	Author = {Marinelli,R.J. and others},
	Date-Added = {2016-11-17 16:18:22 +0000},
	Date-Modified = {2017-03-08 19:49:29 +0000},
	Journal = {Nucleic Acids Research},
	Number = {Suppl. 1},
	Pages = {D871-D877},
	Title = {The {Stanford} tissue microarray database},
	Volume = {36},
	Year = {2008}}

@article{Burkhard,
	Author = {Burkhard,W.A. and Keller,R.M.},
	Date-Added = {2016-11-16 15:42:08 +0000},
	Date-Modified = {2017-03-08 19:23:49 +0000},
	Journal = {Communications of the {ACM}},
	Keywords = {best match, file searching, file structuring, heuristics, matching},
	Month = {April},
	Number = {4},
	Pages = {230-236},
	Title = {Some approaches to best-match file searching},
	Volume = {16},
	Year = {1973}}

@inproceedings{Litzkow,
	Author = {Litzkow,M.J. and Livny,M. and Mutka,M.W.},
	Booktitle = {[1988] Proceedings. The 8th International Conference on Distributed},
	Date-Added = {2016-11-12 19:09:34 +0000},
	Date-Modified = {2017-03-08 19:40:11 +0000},
	Keywords = {distributed processing;scheduling;workstations;Condor scheduling system;design;idle workstations;implementation;performance;performance profile;workstation environment;Algorithm design and analysis;Cities and towns;Delay;Displays;Interference;Processor scheduling;Protection;Quality of service;Resumes;Workstations},
	Month = {June},
	Pages = {104-111},
	Title = {Condor-a hunter of idle workstations},
	Year = {1988}}

@article{Brocker,
	Author = {Br{\"o}cker,J. and Smith,L.A.},
	Date-Added = {2016-11-10 21:03:42 +0000},
	Date-Modified = {2017-03-08 19:14:16 +0000},
	Journal = {Weather and Forecasting},
	Month = {June},
	Number = {3},
	Pages = {651-661},
	Title = {Increasing the Reliability of Reliability Diagrams},
	Volume = {22},
	Year = {2007}}

@article{Barrett2,
	Author = {Barrett,T. and others},
	Date-Added = {2016-10-26 15:43:38 +0000},
	Date-Modified = {2017-03-08 19:04:15 +0000},
	Journal = {Nucleic Acids Research},
	Number = {D1},
	Pages = {D57-D63},
	Title = {{BioProject and BioSample databases at NCBI}: facilitating capture and organization of metadata},
	Volume = {40},
	Year = {2012}}

@inproceedings{Tanenblatt,
	Address = {Valletta, Malta},
	Author = {Tanenblatt ,M. and Coden,A. and Sominsky,I.},
	Booktitle = {{Proceedings of the Seventh International Conference on Language Resources and Evaluation (LREC'10)}},
	Date-Added = {2016-10-18 21:04:39 +0000},
	Date-Modified = {2017-03-08 20:04:25 +0000},
	Journal = {Proceedings of the Seventh conference on International Language Resources and Evaluation LREC10},
	Month = {May},
	Publisher = {European Language Resources Association (ELRA)},
	Title = {{The ConceptMapper Approach to Named Entity Recognition}},
	Year = {2010}}

@article{Galeota,
	Author = {Galeota,E. and Pelizzola,M.},
	Date-Added = {2016-10-18 18:00:21 +0000},
	Date-Modified = {2017-03-08 19:27:11 +0000},
	Journal = {Briefings in Bioinformatics},
	Keywords = {semantic annotation, semantic similarity, epigenetics, transcription factor, high-throughput sequencing, natural language processing},
	Month = {May},
	Pages = {1--10},
	Title = {Ontology-based annotations and semantic relations in large-scale (epi)genomics data.},
	Year = {2016}}

@article{Barrett2013,
	Author = {Barrett,T. and others},
	Date-Added = {2016-10-18 15:57:23 +0000},
	Date-Modified = {2019-06-25 10:36:05 -0500},
	Journal = {Nucleic Acids Research},
	Number = {D1},
	Pages = {D991-D995},
	Title = {{NCBI GEO}: archive for functional genomics data sets---update},
	Volume = {41},
	Year = {2013}}

@article{Leinonen2011,
	Author = {Leinonen,R. and Sugawara,H. and Shumway,M.},
	Date-Added = {2016-10-18 14:33:13 +0000},
	Date-Modified = {2018-12-11 10:05:16 -0600},
	Journal = {Nucleic Acids Research},
	Number = {Suppl. 1},
	Pages = {D19-D21},
	Title = {{The Sequence Read Archive}},
	Volume = {39},
	Year = {2011}}

@article{Shah,
	Author = {Shah,N.H. and others},
	Date-Added = {2016-10-17 21:10:08 +0000},
	Date-Modified = {2017-03-08 19:58:32 +0000},
	Journal = {BMC Bioinformatics},
	Number = {2},
	Pages = {S1},
	Title = {Ontology-driven indexing of public datasets for translational bioinformatics.},
	Volume = {10},
	Year = {2009}}

@article{Gattani,
	Author = {Gattani,A. and others},
	Date-Added = {2016-10-15 02:13:01 +0000},
	Date-Modified = {2017-03-08 19:29:56 +0000},
	Journal = {Proceedings of the VLDB Endowment},
	Month = {August},
	Number = {11},
	Pages = {1126-1137},
	Title = {Entity extraction, linking, classification, and tagging for social media},
	Volume = {6},
	Year = {2013}}

@article{Pang,
	Author = {Pang,C. and others},
	Date-Added = {2016-10-13 15:04:21 +0000},
	Date-Modified = {2017-03-08 19:57:23 +0000},
	Journal = {Database},
	Pages = {bav089},
	Title = {{SORTA}: a system for ontology-based re-coding and technical annotation of biomedical phenotype data},
	Volume = {2015},
	Year = {2015}}

@article{Noy,
	Author = {Noy,N.F. and others},
	Date-Added = {2016-10-12 16:29:26 +0000},
	Date-Modified = {2017-03-08 20:10:41 +0000},
	Journal = {Nucleic Acids Research},
	Number = {Suppl. 2},
	Pages = {W170-W173},
	Title = {{BioPortal}: ontologies and integrated data resources at the click of a mouse},
	Volume = {37},
	Year = {2009}}

@article{Bairoch2018,
	Author = {Bairoch,A.},
	Date-Added = {2016-10-12 16:27:06 +0000},
	Date-Modified = {2019-06-24 17:50:57 -0500},
	Journal = {Journal of Biomolecular Techniques},
	Number = {2},
	Pages = {25-38},
	Title = {The {Cellosaurus}, a cell line knowledge resource},
	Volume = {29},
	Year = {2018}}

@article{Misha,
	Author = {Misha,K. and others},
	Date-Added = {2016-10-12 16:24:38 +0000},
	Date-Modified = {2017-03-08 19:50:39 +0000},
	Journal = {Nucleic Acids Research},
	Number = {D1},
	Pages = {D1077-D1081},
	Title = {{Gene Expression Atlas} update---a value-added database of microarray and sequencing-based functional genomics experiments.},
	Volume = {40},
	Year = {2012}}

@misc{ATCC,
	Date-Added = {2016-10-11 14:48:38 +0000},
	Date-Modified = {2016-10-18 15:03:05 +0000},
	Howpublished = {https://www.atcc.org/},
	Lastchecked = {October 11, 2016},
	Url = {https://www.atcc.org/},
	Bdsk-Url-1 = {https://www.atcc.org/}}

@article{Hastings,
	Author = {Hastings,J. and others},
	Date-Added = {2016-10-11 01:51:52 +0000},
	Date-Modified = {2017-03-08 19:33:44 +0000},
	Journal = {Nucleic Acids Research},
	Number = {D1},
	Pages = {D456-D463},
	Title = {The {ChEBI} reference database and ontology for biologically relevant chemistry: enhancements for 2013},
	Volume = {41},
	Year = {2013}}

@article{Bard,
	Author = {Bard,J. and Rhee,S.Y. and Ashburner,M.},
	Date-Added = {2016-10-11 01:44:13 +0000},
	Date-Modified = {2016-10-11 01:45:18 +0000},
	Journal = {Genome Biology},
	Number = {2},
	Pages = {R21},
	Title = {An ontology for cell types},
	Volume = {6},
	Year = {2005}}

@article{Mungall,
	Author = {Mungall,C.J. and others},
	Date-Added = {2016-10-11 01:38:43 +0000},
	Date-Modified = {2017-03-08 19:53:02 +0000},
	Journal = {Genome Biology},
	Number = {1},
	Pages = {R5},
	Title = {Uberon, an integrative multi-species anatomy ontology},
	Volume = {13},
	Year = {2012}}

@article{Kibbe,
	Author = {Kibbe,W.A. and others},
	Date-Added = {2016-10-11 01:35:12 +0000},
	Date-Modified = {2016-10-11 01:37:18 +0000},
	Journal = {Nucleic Acids Research},
	Number = {D1},
	Pages = {D1071-D1078},
	Title = {{Disease Ontology} 2015 update: an expanded and updated database of human diseases for linking biomedical knowledge through disease data},
	Volume = {43},
	Year = {2015}}

@article{Malone,
	Author = {Malone,J. and others},
	Date-Added = {2016-10-11 01:31:45 +0000},
	Date-Modified = {2016-10-11 01:32:35 +0000},
	Journal = {Bioinformatics},
	Number = {8},
	Pages = {1112-1118},
	Title = {Modeling sample variables with an {Experimental Factor Ontology}},
	Volume = {26},
	Year = {2010}}

@techreport{Browne,
	Address = {Bethesda, Maryland},
	Author = {Browne,A.C. and McCray,A.T. and Srinivasan,S.},
	Date-Added = {2016-10-11 01:29:02 +0000},
	Date-Modified = {2017-03-08 19:17:38 +0000},
	Institution = {Lister Hill National Center for Biomedical Communications},
	Journal = {National Library of Medicine Technical Reports},
	Title = {The {SPECIALIST LEXICON}},
	Year = {2000}}

@inproceedings{Bartolini,
	Address = {London, UK, UK},
	Author = {Bartolini,I. and Ciaccia,P. and Patella,M.},
	Booktitle = {Proceedings of the 9th {International Symposium on String Processing and Information Retrieval}},
	Date-Added = {2016-10-11 01:26:27 +0000},
	Date-Modified = {2017-03-08 19:09:01 +0000},
	Month = {September},
	Pages = {271-283},
	Publisher = {Springer-Verlag},
	Series = {SPIRE 2002},
	Title = {String Matching with Metric Trees Using an Approximate Distance},
	Year = {2002}}

@url{Sharq,
	Date-Added = {2016-10-11 01:21:03 +0000},
	Date-Modified = {2016-10-11 01:25:49 +0000},
	Lastchecked = {October 10, 2016},
	Title = {SHARQ},
	Url = {http://www.cs.cmu.edu/~ckingsf/sharq},
	Bdsk-Url-1 = {http://www.cs.cmu.edu/~ckingsf/sharq}}

@article{Guo,
	Author = {Guo,Z. and others},
	Date-Added = {2016-10-11 01:18:41 +0000},
	Date-Modified = {2017-03-08 20:14:55 +0000},
	Journal = {Bioinformatics},
	Number = {24},
	Pages = {4038-4040},
	Title = {{RNASeqMetaDB}: A database and web server for navigating metadata of publicly available mouse {RNA-Seq} datasets},
	Volume = {31},
	Year = {2015}}

@article{Yuelin,
	Author = {Yuelin,Z. and Stephens,R.M. and Meltzer,P.S. and Davis,S.R.},
	Date-Added = {2016-10-11 01:13:05 +0000},
	Date-Modified = {2017-03-08 20:13:12 +0000},
	Journal = {BMC Bioinformatics},
	Number = {1},
	Pages = {19},
	Title = {{SRAdb} : query and use public next-generation sequencing data from within {R}},
	Volume = {14},
	Year = {2013}}

@article{Malladi,
	Author = {Malladi,V.S. and others},
	Date-Added = {2016-10-11 01:07:27 +0000},
	Date-Modified = {2017-03-08 19:41:50 +0000},
	Journal = {Database},
	Pages = {bav010},
	Title = {Ontology application and use at the {ENCODE DCC}},
	Volume = {2015},
	Year = {2015}}

@article{smith,
	Author = {Smith,B. and others},
	Date-Modified = {2017-03-08 20:00:38 +0000},
	Journal = {Nature Biotechnology},
	Number = {11},
	Pages = {1251-1255},
	Title = {{The OBO Foundry:} coordinated evolution of ontologies to support biomedical data integration},
	Url = {http://www.nature.com/doifinder/10.1038/nbt1346},
	Volume = {25},
	Year = {2007},
	Bdsk-Url-1 = {http://www.nature.com/doifinder/10.1038/nbt1346}}
